@book{swink,
	title = {{Game Feel: A Game Designer's Guide to Virtual Sensation}},
	author = {Steven Swink},
	year = {2008},
	number = {ISBN: 0123743281},
	publisher = {CRC Press},
}


@article{card1986model,
  title={{The model human processor: An engineering model of human performance}},
  author={Card, Stuart K and Moran, Thomas P and Newell, Allen},
  journal={Handbook of Human Perception},
  volume={2},
  year={1986}
}

@book{schell_art_2008,
	title = {{The Art of Game Design: A Book of Lenses}},
	isbn = {9780123694966},
	publisher = {{CRC} Press},
	author = {Jesse Schell},
	year = {2008}
}

@ONLINE{intuitive_buttons,
author = {Mick West},
title = {{Pushing Buttons}},
year = {2007},
url = {http://cowboyprogramming.com/2007/01/02/pushhing-buttons/},
howpublished={\url{http://cowboyprogramming.com/2007/01/02/pushhing-buttons}},
}

@ONLINE{measure_lag,
author = {Mick West},
title = {{Measuring Responsiveness in Video Games}},
year = {2008},
url = {http://cowboyprogramming.com/2008/05/30/measuring-responsiveness-in-video-games/},
howpublished={\url{http://cowboyprogramming.com/2008/05/30/measuring-responsiveness-in-video-games}},
}

@ONLINE{program_lag,
author = {Mick West},
title = {{Programming Responsiveness}},
year = {2008},
url = {http://cowboyprogramming.com/2008/05/27/programming-responsiveness/},
howpublished={\url{http://cowboyprogramming.com/2008/05/27/programming-responsiveness}},
}

@ONLINE{gameFeelTips,
author = {Mark Venturelli},
title = {{Game Feel Tips II: Speed, Gravity, Friction}},
year = {2014},
url = {http://gamasutra.com/blogs/MarkVenturelli/20140821/223866/Game_Feel_Tips_II_Speed_Gravity_Friction.php},
howpublished={\url{http://gamasutra.com/blogs/MarkVenturelli/20140821/223866/Game_Feel_Tips_II_Speed_Gravity_Friction.php}},
}

@ONLINE{juice1,
author = {Martin Jonasson AND Petri Purho},
title = {{Juice It or Lose It}},
year = {2012},
url = {http://youtu.be/Fy0aCDmgnxg},
howpublished={\url{http://youtu.be/Fy0aCDmgnxg}},
}

@ONLINE{juice2,
author = {Jan Willem Nijman},
title = {{The Art of Screenshake}},
year = {2013},
url = {http://youtu.be/AJdEqssNZ-U},
howpublished={\url{http://youtu.be/AJdEqssNZ-U}},
}

@ONLINE{juice3,
author = {Mark Brown},
title = {{Game Maker's Toolkit - Secrets of Game Feel and Juice}},
year = {2015},
url = {https://youtu.be/216_5nu4aVQ},
howpublished={\url{https://youtu.be/216_5nu4aVQ}},
}

@ONLINE{animation,
author = {Frank Thomas AND Ollie Johnston},
title = {{The 12 Basic Principles of Animation}},
year = {2013},
url = {http://www.frankanollie.com/PhysicalAnimation.html},
howpublished={\url{http://www.frankanollie.com/PhysicalAnimation.html}},
}

@ONLINE{feelBetter,
author = {Derek Daniels},
title = {{Why some games feel better than others}},
year = {2013},
url = {http://derekdaniels.com/blog/2013/2/23/game-feel-part-2},
howpublished={\url{http://derekdaniels.com/blog/2013/2/23/game-feel-part-2}},

}

@ONLINE{ghostJump,
author = {Mark Venturelli},
title = {{Game Feel Tips I: The Ghost Jump}},
year = {2014},
url = {http://gamasutra.com/blogs/MarkVenturelli/20140810/223001/Game_Feel_Tips_I_The_Ghost_Jump.php},
howpublished={\url{http://gamasutra.com/blogs/MarkVenturelli/20140810/223001/Game_Feel_Tips_I_The_Ghost_Jump.php}},
}

@ONLINE{canabalt,
author = {Adam Saltsman},
title = {{Tuning Canabalt}},
year = {2010},
url = {http://www.gamasutra.com/blogs/AdamSaltsman/20100929/88155/Tuning_Canabalt.php},
howpublished={\url{http://www.gamasutra.com/blogs/AdamSaltsman/20100929/88155/Tuning_Canabalt.php}},
}


@article{normoyle_trade-offs_2014,
	title = {{Trade-offs between responsiveness and naturalness for player characters}},
	isbn = {9781450326230},
	doi = {10.1145/2668064.2668087},
	pages = {61--70},
	publisher = {{ACM} Press},
	author = {Aline Normoyle AND Sophie Jorg},
	year = {2014},
}


@ONLINE{sticky,
author = {Tim Rogers},
title = {{In Praise Of Sticky Friction}},
year = {2010},
url = {http://kotaku.com/5558166/in-praise-of-sticky-friction},
howpublished={\url{http://kotaku.com/5558166/in-praise-of-sticky-friction}},
}


@ONLINE{meatboy1,
author = {{IndieGame: The Movie}},
title = {{Indie Game: The Movie - CONTROL}},
year = {2012},
url = {https://vimeo.com/34928357},
howpublished={\url{https://vimeo.com/34928357}},
}

@ONLINE{meatboy2,
author = {Michael Olney},
title = {{Model of Super Meat Boy's Physics}},
year = {2014},
url = {http://mpolney.galineer.com/smb.html},
howpublished={\url{http://mpolney.galineer.com/smb.html}},
}

@ONLINE{juicyBeast,
author = {Alexandre Daze-Hill},
title = {{The Making of Toto Temple Deluxe: Platforming (Part 1)}},
year = {2014},
url = {http://juicybeast.com/2014/02/the-making-of-toto-temple-deluxe-platforming-part-1/},
howpublished={\url{http://juicybeast.com/2014/02/the-making-of-toto-temple-deluxe-platforming-part-1}},
}


@ONLINE{adsr,
author = {Gavin Orland},
title = {{What is an ADSR Envelope?}},
year = {2013},
url = {http://www.gavinorland.com/tutorials/what-is-an-adsr-envelope/},
howpublished={\url{http://www.gavinorland.com/tutorials/what-is-an-adsr-envelope/}},
}
